@article{csiszar2008axiomatic,
  title={Axiomatic characterizations of information measures},
  author={Csisz{\'a}r, Imre},
  journal={Entropy},
  volume={10},
  number={3},
  pages={261--273},
  year={2008},
  publisher={Molecular Diversity Preservation International}
}

@article{shannon1948mathematical,
  title={A mathematical theory of communication},
  author={Shannon, Claude Elwood},
  journal={The Bell system technical journal},
  volume={27},
  number={3},
  pages={379--423},
  year={1948},
  publisher={Nokia Bell Labs}
}

@book{khintchine1957mathematical,
  title={Mathematical foundations of information theory},
  author={Khintchine, A Ya},
  year={1957},
  publisher={Dover}
}

@article{peres1992iterating,
  title={Iterating von Neumann's procedure for extracting random bits},
  author={Peres, Yuval},
  journal={The Annals of Statistics},
  pages={590--597},
  year={1992},
  publisher={JSTOR}
}

@article{zeitouni2002generalized,
  title={When is the generalized likelihood ratio test optimal?},
  author={Zeitouni, Ofer and Ziv, Jacob and Merhav, Neri},
  journal={IEEE Transactions on Information Theory},
  volume={38},
  number={5},
  pages={1597--1602},
  year={1992},
  publisher={IEEE}
}

@book{siegmund2013sequential,
  title={Sequential analysis: tests and confidence intervals},
  author={Siegmund, David},
  year={2013},
  publisher={Springer Science \& Business Media}
}


@article{renyi1959dimension,
  title={On the dimension and entropy of probability distributions},
  author={R{\'e}nyi, Alfr{\'e}d},
  journal={Acta Mathematica Academiae Scientiarum Hungarica},
  volume={10},
  pages={193--215},
  year={1959},
  publisher={Springer}
}

@book{polyanskiy2025information,
  title={Information theory: From coding to learning},
  author={Polyanskiy, Yury and Wu, Yihong},
  year={2025},
  publisher={Cambridge university press}
}

@article{nguyen2010estimating,
  title={Estimating divergence functionals and the likelihood ratio by convex risk minimization},
  author={Nguyen, XuanLong and Wainwright, Martin J and Jordan, Michael I},
  journal={IEEE Transactions on Information Theory},
  volume={56},
  number={11},
  pages={5847--5861},
  year={2010},
  publisher={IEEE}
}

@article{csiszar1963information,
  title={Eine informationâ€™s theoretische ungleichung und ihre anwendung auf den beweis der ergodizitat von markoschen ketten, magyar tud},
  author={Csiszar, I},
  journal={Akad. Mat},
  year={1963}
}

@article{ali1966general,
  title={A general class of coefficients of divergence of one distribution from another},
  author={Ali, Syed Mumtaz and Silvey, Samuel D},
  journal={Journal of the Royal Statistical Society: Series B (Methodological)},
  volume={28},
  number={1},
  pages={131--142},
  year={1966},
  publisher={Wiley Online Library}
}

@article{liese2006divergences,
  title={On divergences and informations in statistics and information theory},
  author={Liese, Friedrich and Vajda, Igor},
  journal={IEEE Transactions on Information Theory},
  volume={52},
  number={10},
  pages={4394--4412},
  year={2006},
  publisher={IEEE}
}

@article{harremoes2011pairs ,
  author       = {Peter Harremo{\"{e}}s and
                  Igor Vajda},
  title        = {On Pairs of f -Divergences and Their Joint Range},
  journal      = {{IEEE} Trans. Inf. Theory},
  volume       = {57},
  number       = {6},
  pages        = {3230--3235},
  year         = {2011},
  timestamp    = {Tue, 10 Mar 2020 10:44:23 +0100},
  biburl       = {https://dblp.org/rec/journals/tit/HarremoesV11.bib},
  bibsource    = {dblp computer science bibliography, https://dblp.org}
}

@book{bernardo2009bayesian,
  title={Bayesian theory},
  author={Bernardo, Jos{\'e} M and Smith, Adrian FM},
  volume={405},
  year={2009},
  publisher={John Wiley \& Sons}
}

@book{tsybakov2009nonparametric,
  title={Introduction to Nonparametric Estimation},
  author={Tsybakov, Alexandre B},
  year={2009},
  publisher={Springer}
}

@book{lattimore2020bandit,
  title={Bandit algorithms},  
  author={Lattimore, Tor and Szepesv{\'a}ri, Csaba},
  year={2020},
  publisher={Cambridge University Press}
}

@article{lecam1973convergence,
  title={Convergence of estimates under dimensionality restrictions},
  author={LeCam, Lucien},
  journal={The Annals of Statistics},
  pages={38--53},
  year={1973},
  publisher={JSTOR}
}

@book{boyd2004convex,
  title={Convex optimization},
  author={Boyd, Stephen P and Vandenberghe, Lieven},
  year={2004},
  publisher={Cambridge university press}
}

@book{cover2006elements,
  title={Elements of information theory},
  author={Cover, Thomas M and Thomas, Joy},
  year={2006},
  publisher={John Wiley \& Sons}
}

@inproceedings{kingma2014auto,
  title={{Auto-encoding variational Bayes}},
  author={Kingma, Diederik P and Welling, Max},
  booktitle={International Conference on Learning Representations (ICLR)}, 
  year={2014}
}

@book{csiszar2011information,
  title={Information theory: coding theorems for discrete memoryless systems},
  author={Csisz{\'a}r, Imre and K{\"o}rner, J{\'a}nos},
  year={2011},
  publisher={Cambridge University Press}
}

@article{gallager2002claude,
  title={{Claude E. Shannon: A retrospective on his life, work, and impact}},
  author={Gallager, Robert G},
  journal={IEEE Transactions on Information Theory},
  volume={47},
  number={7},
  pages={2681--2695},
  year={2002},
  publisher={IEEE}
}

@article{verdu1998fifty,
  title={{Fifty years of Shannon theory}},
  author={Verdu, Sergio},
  journal={IEEE Transactions on information theory},
  volume={44},
  number={6},
  pages={2057--2078},
  year={1998}
}

@article{wald1945sequential,
  title={Sequential method of sampling for deciding between two courses of action},
  author={Wald, Abraham},
  journal={Journal of the American Statistical Association},
  volume={40},
  number={231},
  pages={277--306},
  year={1945},
  publisher={Taylor \& Francis}
}

@book{casella2024statistical,
  title={Statistical inference},
  author={Casella, George and Berger, Roger},
  year={2024},
  publisher={Chapman and Hall/CRC}
}

@book{van2000asymptotic,
  title={Asymptotic statistics},
  author={Van der Vaart, Aad W},
  volume={3},
  year={2000},
  publisher={Cambridge university press}
}

@book{lehmann2005testing,
  title={Testing statistical hypotheses},
  author={Lehmann, Erich Leo and Romano, Joseph P},
  year={2005},
  publisher={Springer}
}

@book{lehmann1998theory,
  title={Theory of point estimation},
  author={Lehmann, Erich Leo and Casella, George},
  year={1998},
  publisher={Springer}
}

@book{siegmund2013sequential,
  title={Sequential analysis: tests and confidence intervals},
  author={Siegmund, David},
  year={2013},
  publisher={Springer Science \& Business Media}
}

@book{berger2013statistical,
  title={Statistical decision theory and Bayesian analysis},
  author={Berger, James O},
  year={2013},
  publisher={Springer Science \& Business Media}
}
@article{rao1992ra,
  title={{RA Fisher: The founder of modern statistics}},
  author={Rao, C Radhakrishna},
  journal={Statistical science},
  pages={34--48},
  year={1992},
  publisher={JSTOR}
}